@book{bd,
    author = {Brockwell, Peter J. and Davis, Richard A.},
    edition = {3rd},
    isbn = {9783319298528},
    publisher = {Springer},
    title = {{Introduction to Time Series and Forecasting}},
    year = {2016}
}

